@article{kde_stanis,
author = {Weglarczyk, Stanislaw},
year = {2018},
month = {01},
pages = {00037},
title = {Kernel density estimation and its application},
volume = {23},
journal = {ITM Web of Conferences},
doi = {10.1051/itmconf/20182300037}
}
@book{kde_Brilline,
  title={Smoothing Techniques: With Implementation in S},
  author={H{\"a}rdle, W.K. and Brillinger, D.R. and Fienberg, S.E. and Gani, J. and Hartigan, J.A. and Kiefer, J.C. and Krickeberg, K.},
  isbn={9780387973678},
  lccn={90047545},
  series={Springer Series in Statistics},
  url={https://books.google.ne/books?id=2dzxO\_zyRagC},
  year={1991},
  publisher={Springer}
}
@book{multivarido_book,
  added-at = {2009-08-21T11:34:36.000+0200},
  address = {Upper Saddle River, NJ},
  author = {Johnson, {Richard Arnold} and Wichern, {Dean W.}},
  biburl = {https://www.bibsonomy.org/bibtex/20e3075573870203cd2c9f98a900be0a7/fbw_hannover},
  edition = {6. ed},
  interhash = {ee4b7658b644cb018cdda011e21891f9},
  intrahash = {0e3075573870203cd2c9f98a900be0a7},
  isbn = {0130925535},
  keywords = {Mathematische_Statistik Multivariate_Analyse Multivariate_analysis},
  pagetotal = {XVIII, 767},
  ppn_gvk = {330798693},
  publisher = {Prentice Hall},
  timestamp = {2009-08-21T11:34:42.000+0200},
  title = {Applied multivariate statistical analysis},
  url = {http://gso.gbv.de/DB=2.1/CMD?ACT=SRCHA&SRT=YOP&IKT=1016&TRM=ppn+330798693&sourceid=fbw_bibsonomy},
  year = 2007
}