@article{kde_stanis,
author = {Weglarczyk, Stanislaw},
year = {2018},
month = {01},
pages = {00037},
title = {Kernel density estimation and its application},
volume = {23},
journal = {ITM Web of Conferences},
doi = {10.1051/itmconf/20182300037}
}
@book{kde_Brilline,
  title={Smoothing Techniques: With Implementation in S},
  author={H{\"a}rdle, W.K. and Brillinger, D.R. and Fienberg, S.E. and Gani, J. and Hartigan, J.A. and Kiefer, J.C. and Krickeberg, K.},
  isbn={9780387973678},
  lccn={90047545},
  series={Springer Series in Statistics},
  url={https://books.google.ne/books?id=2dzxO\_zyRagC},
  year={1991},
  publisher={Springer}
}
@book{multivarido_book,
  added-at = {2009-08-21T11:34:36.000+0200},
  address = {Upper Saddle River, NJ},
  author = {Johnson, {Richard Arnold} and Wichern, {Dean W.}},
  biburl = {https://www.bibsonomy.org/bibtex/20e3075573870203cd2c9f98a900be0a7/fbw_hannover},
  edition = {6. ed},
  interhash = {ee4b7658b644cb018cdda011e21891f9},
  intrahash = {0e3075573870203cd2c9f98a900be0a7},
  isbn = {0130925535},
  keywords = {Mathematische_Statistik Multivariate_Analyse Multivariate_analysis},
  pagetotal = {XVIII, 767},
  ppn_gvk = {330798693},
  publisher = {Prentice Hall},
  timestamp = {2009-08-21T11:34:42.000+0200},
  title = {Applied multivariate statistical analysis},
  url = {http://gso.gbv.de/DB=2.1/CMD?ACT=SRCHA&SRT=YOP&IKT=1016&TRM=ppn+330798693&sourceid=fbw_bibsonomy},
  year = 2007
}
@misc{tunability,
      title={Tunability: Importance of Hyperparameters of Machine Learning Algorithms}, 
      author={Philipp Probst and Bernd Bischl and Anne-Laure Boulesteix},
      year={2018},
      eprint={1802.09596},
      archivePrefix={arXiv},
      primaryClass={stat.ML}
}
@book{algebra_lineal_1,
  added-at = {2016-05-31T10:53:16.000+0200},
  author = {Anton, Howard and Rorres, Chris},
  biburl = {https://www.bibsonomy.org/bibtex/23d125adef6e8701a7dce93bdc817f3bc/ytyoun},
  edition = {Eleventh},
  interhash = {661a46a89feed199e73bf45361ebae37},
  intrahash = {3d125adef6e8701a7dce93bdc817f3bc},
  isbn = {9781118434413 1118434412 9781118474228 1118474228},
  keywords = {linear.algebra matrix textbook},
  publisher = {Wiley},
  refid = {856647689},
  timestamp = {2016-05-31T13:03:34.000+0200},
  title = {Elementary Linear Algebra: Applications Version},
  year = 2014
}

@online{conapo,
    author = "INEGI",
    title = "Censo de Población y Vivienda 2010. Principales resultados por localidad (ITER)",
    url  = "https://www.inegi.org.mx/contenidos/programas/ccpv/2010/doc/fd_iter_2010.pdf"
}

@online{arggis,
    author = "ArcMap",
    title = "Sistemas de coordenadas proyectadas, tipos de proyección.",
    url  = "https://desktop.arcgis.com/es/arcmap/10.3/guide-books/map-projections/projection-types.htm"
}

@article{scikit-learn,
 title={Scikit-learn: Machine Learning in {P}ython},
 author={Pedregosa, F. and Varoquaux, G. and Gramfort, A. and Michel, V.
         and Thirion, B. and Grisel, O. and Blondel, M. and Prettenhofer, P.
         and Weiss, R. and Dubourg, V. and Vanderplas, J. and Passos, A. and
         Cournapeau, D. and Brucher, M. and Perrot, M. and Duchesnay, E.},
 journal={Journal of Machine Learning Research},
 volume={12},
 pages={2825--2830},
 year={2011}
}

@article{kernel_kmeans,
  title={A Unified View of Kernel k-means , Spectral Clustering and Graph Cuts},
  author={I. Dhillon and Yuqiang Guan and B. Kulis},
  year={2004}
}

@online{denue,
    author = "INEGI",
    title = "Directorio Estadístico Nacional de Unidades Económicas",
    url  = "https://www.inegi.org.mx/app/mapa/denue/default.aspx"
}

@online{datatour,
    author = "INEGI",
    title = "Resultados de la Actividad Turística 2019",
    url  = "https://datatur.sectur.gob.mx/RAT/RAT-2019-12(ES).pdf"
}

@article{mds_tur, 
title={EL ANÁLISIS DE ESCALAMIENTO MULTIDIMENSIONAL: UNA ALTERNATIVA Y UN COMPLEMENTO A OTRAS TÉCNICAS MULTIVARIANTES.}, 
url={https://revistas.udea.edu.co/index.php/ceo/article/view/11450}, 
number={25}, 
journal={La Sociología en sus Escenarios}, 
author={Guerrero CasasFlor María}, 
year={2012}, 
month={mar.}}

@article{Shepard-1980,
 doi       = {10.1126/science.210.4468.390},
 title     = {Multidimensional Scaling, Tree-Fitting, and Clustering},
 author    = {Shepard, R. N.},
 publisher = {American Association for the Advancement of Science},
 journal   = {Science},
 issn      = {0036-8075,1095-9203},
 year      = {1980},
 volume    = {210},
 issue     = {4468},
 pages     = {390--398},
 url       = {http://doi.org/10.1126/science.210.4468.390}
}

@article{kruskal-1964,
 doi       = {10.1007/bf02289565},
 title     = {Multidimensional scaling by optimizing goodness of fit to a nonmetric hypothesis},
 author    = {J. B. Kruskal},
 publisher = {Springer},
 journal   = {Psychometrika},
 issn      = {0033-3123,1860-0980},
 year      = {1964},
 volume    = {29},
 issue     = {1},
 pages     = {1--27},
 url       = {http://doi.org/10.1007/bf02289565}
}
@article{kruskal2-1964,
 doi       = {10.1007/bf02289694},
 title     = {Nonmetric multidimensional scaling: A numerical method},
 author    = {J. B. Kruskal},
 publisher = {Springer},
 journal   = {Psychometrika},
 issn      = {0033-3123,1860-0980},
 year      = {1964},
 volume    = {29},
 issue     = {2},
 pages     = {115--129},
 url       = {http://doi.org/10.1007/bf02289694}
}

@book{book:646,
   title =     {The Elements of Statistical Learning},
   author =    {Jerome Friedman, Trevor Hastie, Robert Tibshirani},
   publisher = {},
   isbn =      {},
   year =      {2001},
   series =    {},
   edition =   {},
   volume =    {},
   url =       {http://gen.lib.rus.ec/book/index.php?md5=daf890ca93ba97f2a6f182cea21d9111}
}

@book{mds_book_ref,
  added-at = {2008-01-07T11:06:22.000+0100},
  author = {Borg, I. and Groenen, P.J.F.},
  biburl = {https://www.bibsonomy.org/bibtex/2b9360235f054e3b2ff0e4b4a0c63b4eb/tmalsburg},
  interhash = {43d65ae9bb296e8b9f145d6b685c94fc},
  intrahash = {b9360235f054e3b2ff0e4b4a0c63b4eb},
  keywords = {dimensionalityreduction mds method statistics},
  publisher = {Springer},
  timestamp = {2008-01-07T11:06:22.000+0100},
  title = {{Modern Multidimensional Scaling: Theory and Applications}},
  year = 2005
}
