@article{kde_stanis,
author = {Weglarczyk, Stanislaw},
year = {2018},
month = {01},
pages = {00037},
title = {Kernel density estimation and its application},
volume = {23},
journal = {ITM Web of Conferences},
doi = {10.1051/itmconf/20182300037}
}
@book{kde_Brilline,
  title={Smoothing Techniques: With Implementation in S},
  author={H{\"a}rdle, W.K. and Brillinger, D.R. and Fienberg, S.E. and Gani, J. and Hartigan, J.A. and Kiefer, J.C. and Krickeberg, K.},
  isbn={9780387973678},
  lccn={90047545},
  series={Springer Series in Statistics},
  url={https://books.google.ne/books?id=2dzxO\_zyRagC},
  year={1991},
  publisher={Springer}
}

@misc{cuda,
  added-at = {2011-05-06T13:22:35.000+0200},
  author = {{NVIDIA Corporation}},
  url = {https://docs.nvidia.com/cuda/archive/9.1/pdf/CUDA_C_Programming_Guide.pdf},
  interhash = {b29ebbf94430d6d1720b5562b86f6a32},
  intrahash = {e90a6474d85eac083c921cf5be29f6ef},
  keywords = {CUDA},
  note = {Version 9.1},
  timestamp = {2011-05-06T13:36:56.000+0200},
  title = {{NVIDIA CUDA C} Programming Guide},
  year = 2018
}