@article{kde_stanis,
author = {Weglarczyk, Stanislaw},
year = {2018},
month = {01},
pages = {00037},
title = {Kernel density estimation and its application},
volume = {23},
journal = {ITM Web of Conferences},
doi = {10.1051/itmconf/20182300037}
}
@book{kde_Brilline,
  title={Smoothing Techniques: With Implementation in S},
  author={H{\"a}rdle, W.K. and Brillinger, D.R. and Fienberg, S.E. and Gani, J. and Hartigan, J.A. and Kiefer, J.C. and Krickeberg, K.},
  isbn={9780387973678},
  lccn={90047545},
  series={Springer Series in Statistics},
  url={https://books.google.ne/books?id=2dzxO\_zyRagC},
  year={1991},
  publisher={Springer}
}
@book{multivarido_book,
  added-at = {2009-08-21T11:34:36.000+0200},
  address = {Upper Saddle River, NJ},
  author = {Johnson, {Richard Arnold} and Wichern, {Dean W.}},
  biburl = {https://www.bibsonomy.org/bibtex/20e3075573870203cd2c9f98a900be0a7/fbw_hannover},
  edition = {6. ed},
  interhash = {ee4b7658b644cb018cdda011e21891f9},
  intrahash = {0e3075573870203cd2c9f98a900be0a7},
  isbn = {0130925535},
  keywords = {Mathematische_Statistik Multivariate_Analyse Multivariate_analysis},
  pagetotal = {XVIII, 767},
  ppn_gvk = {330798693},
  publisher = {Prentice Hall},
  timestamp = {2009-08-21T11:34:42.000+0200},
  title = {Applied multivariate statistical analysis},
  url = {http://gso.gbv.de/DB=2.1/CMD?ACT=SRCHA&SRT=YOP&IKT=1016&TRM=ppn+330798693&sourceid=fbw_bibsonomy},
  year = 2007
}
@misc{tunability,
      title={Tunability: Importance of Hyperparameters of Machine Learning Algorithms}, 
      author={Philipp Probst and Bernd Bischl and Anne-Laure Boulesteix},
      year={2018},
      eprint={1802.09596},
      archivePrefix={arXiv},
      primaryClass={stat.ML}
}
@book{algebra_lineal_1,
  added-at = {2016-05-31T10:53:16.000+0200},
  author = {Anton, Howard and Rorres, Chris},
  biburl = {https://www.bibsonomy.org/bibtex/23d125adef6e8701a7dce93bdc817f3bc/ytyoun},
  edition = {Eleventh},
  interhash = {661a46a89feed199e73bf45361ebae37},
  intrahash = {3d125adef6e8701a7dce93bdc817f3bc},
  isbn = {9781118434413 1118434412 9781118474228 1118474228},
  keywords = {linear.algebra matrix textbook},
  publisher = {Wiley},
  refid = {856647689},
  timestamp = {2016-05-31T13:03:34.000+0200},
  title = {Elementary Linear Algebra: Applications Version},
  year = 2014
}

@online{conapo,
    author = "INEGI",
    title = "Censo de Población y Vivienda 2010. Principales resultados por localidad (ITER)",
    url  = "https://www.inegi.org.mx/contenidos/programas/ccpv/2010/doc/fd_iter_2010.pdf"
}

@online{arggis,
    author = "ArcMap",
    title = "Sistemas de coordenadas proyectadas, tipos de proyección.",
    url  = "https://desktop.arcgis.com/es/arcmap/10.3/guide-books/map-projections/projection-types.htm"
}

@article{scikit-learn,
 title={Scikit-learn: Machine Learning in {P}ython},
 author={Pedregosa, F. and Varoquaux, G. and Gramfort, A. and Michel, V.
         and Thirion, B. and Grisel, O. and Blondel, M. and Prettenhofer, P.
         and Weiss, R. and Dubourg, V. and Vanderplas, J. and Passos, A. and
         Cournapeau, D. and Brucher, M. and Perrot, M. and Duchesnay, E.},
 journal={Journal of Machine Learning Research},
 volume={12},
 pages={2825--2830},
 year={2011}
}

@article{kernel_kmeans,
  title={A Unified View of Kernel k-means , Spectral Clustering and Graph Cuts},
  author={I. Dhillon and Yuqiang Guan and B. Kulis},
  year={2004}
}