@article{kde_stanis,
author = {Weglarczyk, Stanislaw},
year = {2018},
month = {01},
pages = {00037},
title = {Kernel density estimation and its application},
volume = {23},
journal = {ITM Web of Conferences},
doi = {10.1051/itmconf/20182300037}
}
@book{kde_Brilline,
  title={Smoothing Techniques: With Implementation in S},
  author={H{\"a}rdle, W.K. and Brillinger, D.R. and Fienberg, S.E. and Gani, J. and Hartigan, J.A. and Kiefer, J.C. and Krickeberg, K.},
  isbn={9780387973678},
  lccn={90047545},
  series={Springer Series in Statistics},
  url={https://books.google.ne/books?id=2dzxO\_zyRagC},
  year={1991},
  publisher={Springer}
}